@article{clas6nim,
author =       "M Amarian",
title =        "The {CLAS} forward electromagnetic calorimeter",
journal =      "Nuclear Instruments and Methods Research A",
volume =       "460",
pages =        "239--265",
year =         "2001",
DOI =          ""
}

