@misc{TDR12,
title     = "{CLAS12 Technical Design Report}",
year           = "2008",
url       = "https://www.jlab.org/Hall-B/clas12\_tdr.pdf"
}

@misc{SPIELER,
author   = {Spieler, Helmuth},
howpublished  = "IEEE Short Course Radiation Detection and Measurement",
title     = "Pulse processing and analysis",
year           = "2002",
url       = "http://www-physics.lbl.gov/~spieler/NSS\_short-course/NSS02\_Pulse\_Processing.pdf."
}

@phdthesis{DINARDOTHESIS,
    title    = {A new micro-strip tracker for the new generation of experiments at hadron colliders},
    school   = {Universita Degli Studi di Milano},
    author   = {Dinardo, Mauro},
    year     = {2005}
}

@phdthesis{BLOCHTHESIS,
    title    = {Studies for the Commissioning of the {CERN CMS} Silicon Strip Tracker},
    school   = {Technische Universit\"at Wien},
    author   = {Bloch, Christoph},
    year     = {2008}
}

@phdthesis{DIERLAMMTHESIS,
    title    = {Studies on the Radiation Hardness of Silicon Sensors},
    school   = {Universit\"at Karlsruhe},
    author   = {Dierlamm, Alexander},
    year     = {2003}
}

@article{FLUKA1,
author         = "G. Battistoni and others",
title     = "Overview of the {FLUKA} code",
journal        = "Annals of Nuclear Energy",
volume         = "82",
year           = "2015",
pages          = "10--18"
}

@article{FLUKA2,
author         = "A. Ferrari and others",
title     = "{FLUKA}: a multi-particle transport code",
journal        = "CERN-2005-10, INFN/TC-05/11, SLAC-R-773",
}

@misc{FLUKA3,
author         = "G. Kharashvili",
howpublished = "JLAB-TN-17-004",
title     = "Expected Radiation Damage Levels During 11 {G}e{V} Operations in Hall {B}",
year           = "2017",
url = "https://jlabdoc.jlab.org/docushare/dsweb/Get/Document-133617/17-004.pdf"
}

@misc{TDRSVT,
title     = "{CLAS12 Silicon Vertex Tracker Technical Design Report}",
year           = "2012",
url       = "https://www.jlab.org/Hall-B/cvt/svt/doc/TDR4.pdf"
}

@misc{MC1,
author         = "A. Vlassov and others",
howpublished = "CLAS Note 2006-020",
volume         = "2006-020",
title     = "Background Study for the Central Detector Planned for the 12 {G}e{V} Upgrade of {CLAS}",
year           = "2006",
url = "https://misportal.jlab.org/ul/Physics/Hall-B/CLAS/viewFile.cfm/2006-020.pdf?documentId=481"
}

@misc{MC2,
author         = "K. Stopani",
journal        = "CLAS Note 2008-001",
volume         = "2008-001",
title     = "Momentum Resolution and Tracking Efficiency Studies for the Barrel Silicon Tracker",
year           = "2008",
url       = "https://misportal.jlab.org/ul/Physics/Hall-B/clas/viewFile.cfm/2008-001.pdf?documentId=442"
}

@misc{MCNIM,
author         = "D. Carman and others",
journal ="this volume",
volume         = "this issue",
title        = "{The CLAS12 Geant4 Simulations}"
}

@misc{BEAMLINENIM,
author         = "N. Baltzell and others",
journal ="this volume",
volume         = "this issue",
title        = "{The CLAS12 beamline and its performance}"
}

@article{PA,
      author         = "M. Ullan and others",
      title          = "{High Pitch Metal-On-Glass Technology For Pad Pitch Adaptation Between Detectors And Readout Electronics}",
      journal        = "IEEE Trans. on Nuclear Science",
      volume         = "51, n. 3",
      year           = "June 2004",
      pages          = "968--974"
}

@book{ANSYS,
  title={ANSYS Engineering Analysis System User's Manual},
  author={DeSalvo, G.J. and Swanson, J.A.},
  series={ANSYS Engineering Analysis System User's Manual},
  year={1985},
  publisher={Swanson Analysis Systems}
}

@article{EPICS,
      title          = "{EPICS architecture}",
      author         = {L. R. Dalesio and M. Kraimer and A. Kozubal},
      journal        = {Proceedings of the International Conference on Accelerator and Large Experimental Physics Control Systems, ICALEPCS},
      volume         = {91},
      year           = {1991},
      pages          = "278--281"
}

@article{MYA,
      author         = "C. Slominski",
      title          = "{A MySQL Based EPICS Archiver}",
      journal        = "INIS",
      volume         = "42",
      year           = "2009",
      pages          = "447--449"
}

@article{FSSR,
      author         = "R. Yarema and others",
      title          = "{Fermilab silicon strip readout chip for {BTEV}}",
      journal        = "IEEE Trans. Nucl. Sci.",
      volume         = "52(3)",
      year           = "2005",
      pages          = "799"
}

@article{NIMVCC,
      author         = "M.A. Antonioli and others",
      title          = "{Performance of the CLAS12 Silicon Vertex Tracker modules}",
      journal        = "Nucl. Instr. and Meth.",
      volume         = "A732",
      year           = "2013",
      pages          = "99--102"
}

@article{Millepede,
      author         = "V. Blobel",
      title          = "{Software alignment for tracking detectors}",
      journal        = "Nucl. Instr. and Meth.",
      volume         = "A566",
      year           = "2006",
      pages          = "5--13"
}

@article{Vertex2016,
      author         = "Gotra, Yuri",
      title          = "{Silicon Vertex Tracker for CLAS12 experiment}",
      booktitle      = "{Proceedings, 25th International Workshop on Vertex
                        Detectors (Vertex 2016): La Biodola, Elba Island, Livorno,
                        Italy, September 26-30, 2016}",
      collaboration  = "CLAS",
      journal        = "PoS",
      volume         = "Vertex2016",
      year           = "2017",
      pages          = "008",
      doi            = "10.22323/1.287.0008"
}

@misc{SHIELDNOTE,
author         = "V. Burkert and others",
howpublished        = "CLAS12 Note 2019-2",
volume         = "2018-2",
title     = "Study of tungsten shielding around the target to limit background rates and radiation dose in the {CLAS12 BST}",
year           = "2019",
url       = "https://misportal.jlab.org/mis/physics/clas12/viewFile.cfm/2019-002.pdf?documentId=63"
}

@misc{SEENOTE,
author         = "Y.Gotra and B.Raydo",
howpublished        = "CLAS Note 2017-4",
volume         = "2017-4",
title     = "Single Event Effects Test of the Silicon Vertex Tracker Readout Boards",
year           = "2017",
url = "https://misportal.jlab.org/ul/Physics/Hall-B/CLAS/viewFile.cfm/2017-004.pdf?documentId=764"
}

@misc{SENSORNOTE,
author         = "M. Antonioli and others",
howpublished        = "CLAS12 Note 2009-20",
volume         = "2009-20",
title     = "{Silicon Micro-Strip Sensors for the Hall B CLAS12 SVT}",
year           = "2009",
url = "https://misportal.jlab.org/ul/Physics/Hall-B/CLAS/viewFile.cfm/2009-020.pdf?documentId=550"
}

@misc{BRAIBANTNOTE,
author         = "S. Braibant and others",
howpublished        = "CMS Note 2000-11",
volume         = "2000-11",
title     = "Investigation of design parameters and choice of substrate resistivity and crystal orientation for the {CMS} silicon microstrip detector",
year           = "2000",
url = "https://cds.cern.ch/record/687211/files/note00_011.pdf"
}

@misc{CMSCOSMICNOTE,
author         = "W. Adam and others",
howpublished        = "CMS Note 2009-21",
volume         = "2009-21",
title     = "{Commissioning the CMS Silicon Strip Tracker prior to Operations with Cosmic Ray Muons}",
year           = "2009",
url = "https://cds.cern.ch/record/1291201/files/NOTE2009_021.pdf"
}

@article{ATLASSCT,
      author        = "Aad, Georges and others",
      title         = "{Operation and performance of the ATLAS semiconductor
                       tracker}",
      journal       = "JINST",
      collaboration = "ATLAS Collaboration",
      number        = "CERN-PH-EP-2014-049. CERN-PH-EP-2014-049",
      volume        = "9",
      pages         = "P08009. 80 p",
      month         = "Apr",
      year          = "2014",
      reportNumber  = "CERN-PH-EP-2014-049",
      url           = "http://cds.cern.ch/record/1698966"
}

@misc{LHCBTT,
      author        = "Hangartner, V",
      title         = "{Noise Investigations for the Tracker Turicensis of the LHCb Experiment}",
      year          = "2009",
      url           = "https://cds.cern.ch/record/2161092",
}

@misc{SZE,
      author        = "M. S. Sze and K. K. Ng",
      title         = "{Physics of Semiconductor Devices}",
      howpublished   = "{Wiley, 3rd ed.}",
      year = "2006"
}
