@article{youris,
author =       {Youri Sharabian},
title =        {HTCC},
journal =      {NIM},
year =         "1996",
}

@article{second,
author =       {author},
title =        {LTCC},
journal =      {NIM},
year =         "1996",
}