%% This BibTeX bibliography file was created using BibDesk.
%% http://bibdesk.sourceforge.net/

%% Created for Mariangela Bond at 2018-07-04 09:53:43 +0200 


%% Saved with string encoding Unicode (UTF-8) 


@article{mesonex,
	Author = "M.~Battaglieri and others",
	Title = "{E12-11-005, {Meson} Spectroscopy with low {$Q^2$} electron scattering in {CLAS12}, a {CLAS} 
                    Collaboration proposal to {PAC37}}",
        Journal = " ",
	Year = "2011"
	}

@article{overview,
	Author = "V. D. Burkert and others",
	Title = "{The {CLAS12} Spectrometer at Jefferson Laboratory}",
	Journal = "to be published in Nucl. Instrum. Meth. A, (2020). (See this issue)",
	Year = "2020"
	}

@article{htcc,
	Author = "Y. G. Sharabian and others",
	Title = "{The {CLAS12} high threshold Cerenkov counter}",
	Journal = "to be published in Nucl. Instrum. Meth. A, (2020). (See this issue)",
	Year = "2020"
	}

@article{dc,
	Author = "M. d. Mestayer and others",
	Title = "{The {CLAS12} drift chamber system}",
	Journal = "to be published in Nucl. Instrum. Meth. A, (2020). (See this issue)",
	Year = "2020"
}

@article{CMS-ECal,
	Author = " ",
	Title = "{{CMS} Collaboration, The e.m. calorimeter project: Technical Design Report}",
	Journal = "CERN-LHCC-97-33",
	Year = "1997"
}

@article{CLAS-IC,
	Author = "F. X. Girod and other",
	Title = "{Measurement of Deeply Virtual Compton Scattering Beam-Spin Asymmetries}",
	Journal = "Phys. Rev. Lett ",
	Volume = "100",
	Pages = "162002",
	Year = "2008"
}

@article{PANDA-ECal,
	Author = " ",
	Title = "{PANDA Collaboration, Technical Design Report for the PANDA Forward Spectrometer Calorimeter}",
	Journal = "arXiv:1704.02713",
	Year = "2017"
}

@article{accos,
	Author = "E. Auffray and others",
	Journal = "{Nucl. Instrum. Meth. A}",
	Pages = "325-41",
	Title = "{Performance of {ACCOS}, an automatic crystal quality control system for the {PWO} crystals of 
        the {CMS} calorimeter}",
	Volume = "456",
	Year = "2001"
}
	
@article{radhard,
	Author = "S. Fegan and others",
	Journal = "{Nucl. Instrum. Meth. A}",
	Pages = "101-108",
	Title = "{Assessing the performance under ionising radiation of lead tungstate scintillators for {EM} calorimetry 
        in the {CLAS12} Forward Tagger}",
	Volume = "789",
	Year = "2001"
	}

@article{celeAPD,
	Author = "A. Celentano and others",
	Journal = "JINST 9 T09002",
	Title = "{Design and realization of a facility for the characterization of Silicon Avalanche PhotoDiodes}",
	Year = "2014"
	}

@article{mm,
	Author = "A. Acker and others",
	Title = "{The CLAS12 Micromegas vertex tracker}",
	Journal = "to be published in Nucl. Instrum. Meth. A, (2020). (See this issue)",
	Year = "2020"
	}

@article{beamline,
	Author = "S. Stepanyan and others",
	Title = "{The CLAS12 beamline and its performance}",
	Journal = "to be published in Nucl. Instrum. Meth. A, (2020). (See this issue)",
	Year = "2020"
	}

@article{btf,
	Author = "B.~Buonomo, G.~Mazzitelli and P.~Valente",
	Journal = "IEEE Trans. Nucl. Sci.",
	Pages = "824",
	Title = "{Performance and upgrade of the DAFNE Beam Test Facility (BTF)}",
	Volume = "52",
	Year = "2005"
	}

@article{daq,
	Author = "S. Boiarinov and others",
	Title = "{The CLAS12 data acquisition system}",
	Journal = "to be published in Nucl. Instrum. Meth. A, (2020). (See this issue)",
	Year = "2020"
	}

@article{reconstruction,
	Author = "V. Ziegler and others",
	Title = "{CLAS12 software framework and event reconstruction}",
	Journal = "to be published in Nucl. Instrum. Meth. A, (2020). (See this issue)",
	Year = "2020"
	}

@article{trigger,
	Author = "S. Boyarinov and others",
	Title = "{The CLAS12 trigger system}",
	Journal = "to be published in Nucl. Instrum. Meth. A, (2020). (See this issue)",
	Year = "2020"
	}

@article{cosmics1,
	Author = "E. Fanchini and others",
	Journal = "CLAS12 Technnical Note",
	Title = "{FT calorimeter response to cosmic ray data during the pre-commissioning phase}",
	Volume = "2016-005",
	Year = "2016"
	}

@article{cosmics2,
	Author = "E. Fanchini and others",
	Journal = "CLAS12 Technical Note",
	Title = "{FT calorimeter response to cosmic ray data during the pre-commissioning phase}",
	Volume = "2016-005",
	Year = "2016"
	}

@article{gemc,
	Author = "M. Ungaro and others",
	Title = "{The CLAS12 Geant4 simulation}",
	Journal = "to be published in Nucl. Instrum. Meth. A, (2020). (See this issue)",
	Year = "2020"
	}

@article{ft-tdr,
	Author = "M. Battaglieri and others",
	Title = "{CLAS12 Forward Tagger (FT) Technical Design Report}",
	Journal = "http://www.ge.infn.it/$\sim$batta/jlab/ft-tdr.2.0.pdf",
	Year = "2012"
	}

@article{ftof,
	Author = "D. S. Carman and others",
	Title = "{The CLAS12 Forward Time-of-Flight System}",
	Journal = "to be published in Nucl. Instrum. Meth. A, (2020). (See this issue)",
	Year = "2020"
        }

@article{magnets,
       author         = "R.~Fair and others",
       title          = "{The CLAS12 Superconducting Magnets}",
       journal        = "to be published in Nucl. Inst. and Meth. A, (2020) (see this issue)",
       year           = "2020",
       }




