@Article{APF_ldrp,
	author	="Freyberger, A.",
	journal	="Proceedings of the DIPAC 2005, Lyon France",
	year		="2005",
	pages	="12-16"
}
@Article{CLAS,
      author         = "Mecking, B. A. and others",
      title          = "{The CEBAF Large Acceptance Spectrometer (CLAS)}",
      collaboration  = "CLAS",
      journal        = "Nucl. Instrum. Meth.",
      volume         = "A503",
      year           = "2003",
      pages          = "513-553",
      doi            = "10.1016/S0168-9002(03)01001-5",
      reportNumber   = "JLAB-PHY-03-01",
      SLACcitation   = "%%CITATION = NUIMA,A503,513;%%"
}
@MISC{HPS,
	HOWPUBLISHED	="{HPS update to PAC39}",
	NOTE	="https://www.jlab.org/exp\_prog/proposals/\\ 12/C12-11-006.pdf"
}
@Article{HPSBeamline,
      author         = "Baltzell, N. and others",
      title          = "{The Heavy Photon Search beamline and its performance}",
      collaboration  = "HPS",
      journal        = "Nucl. Instrum. Meth.",
      volume         = "A859",
      year           = "2017",
      pages          = "69-75",
      doi            = "10.1016/j.nima.2017.03.061",
      eprint         = "1612.07821",
      archivePrefix  = "arXiv",
      primaryClass   = "physics.ins-det",
      reportNumber   = "JLAB-PHY-17-2393",
      SLACcitation   = "%%CITATION = ARXIV:1612.07821;%%"
}
@Article{tagger,
      author         = "Sober, D. I. and others",
      title          = "{The bremsstrahlung tagged photon beam in Hall B at
                        JLab}",
      journal        = "Nucl. Instrum. Meth.",
      volume         = "A440",
      year           = "2000",
      pages          = "263-284",
      doi            = "10.1016/S0168-9002(99)00784-6",
      reportNumber   = "JLAB-PHY-00-95",
      SLACcitation   = "%%CITATION = NUIMA,A440,263;%%"
}
@article{fluka,
      author         = "Bohlen, T. T. and Cerutti, F. and Chin, M. P. W. and
                        Fass\`{o}, A. and Ferrari, A. and Ortega, P. G. and Mairani,
                        A. and Sala, P. R. and Smirnov, G. and Vlachoudis, V.",
      title          = "{The FLUKA Code: Developments and Challenges for High
                        Energy and Medical Applications}",
      journal        = "Nucl. Data Sheets",
      volume         = "120",
      year           = "2014",
      pages          = "211-214",
      doi            = "10.1016/j.nds.2014.07.049",
      SLACcitation   = "%%CITATION = NDTSB,120,211;%%"
}

@misc{ANSYS,
	howpublished	= "https://www.ansys.com/-/media/Ansys/corporate/\\ resourcelibrary/brochure/ansyscapabilities180.pdf",
}

@article{Keith:2015ete,
      author         = "Keith, Chris",
      title          = "{Polarized Solid Targets at Jefferson Lab}",
      booktitle      = "{Proceedings, 16th International Workshop on Polarized
                        Sources, Targets, and Polarimetry (PSTP 2015): Bochum,
                        Germany, September 14-18, 2015}",
      journal        = "PoS",
      volume         = "PSTP2015",
      year           = "2015",
      pages          = "013",
      doi            = "10.22323/1.243.0013",
      SLACcitation   = "%%CITATION = POSCI,PSTP2015,013;%%"
}

@article{naBPM,
      author         = "Ursic, R. and Piller, M. and Flood, R. and Strong, E. and
                        Turlington, L.",
      title          = "{1 nA Beam Position Monitoring System}",
      booktitle      = "{17th IEEE Particle Accelerator Conference (PAC 97):
                        Accelerator Science, Technology and Applications
                        Vancouver, British Columbia, Canada, May 12-16, 1997}",
      journal        = "Conf. Proc.",
      volume         = "C970512",
      year           = "1997",
      pages          = "2131",
      reportNumber   = "JLAB-ACE-97-02",
      SLACcitation   = "%%CITATION = CONFP,C970512,2131;%%"
}
@inproceedings{wireharp,
      author         = "McCaughan, Michael and Tiefenback, Michael and Turner,
                        Dennis",
      title          = "{Improvements to Existing Jefferson Lab Wire Scanners}",
      booktitle      = "{Proceedings, 4th International Particle Accelerator
                        Conference (IPAC 2013): Shanghai, China, May 12-17, 2013}",
      year           = "2013",
      url            = "http://JACoW.org/IPAC2013/papers/mopwa076.pdf",
      pages          = "MOPWA076",
      SLACcitation   = "%%CITATION = INSPIRE-1336958;%%"
}
@misc{MYA,
	author	= "Christopher Slominski",
	howpublished		="https://wiki.jlab.org/lerf/images/7/75/\\ Archive\_user.pdf"
}
@misc{EPICS,
	howpublished	="https://epics-controls.org"
}
@misc{CS-Studio,
	howpublished	="http://controlsystemstudio.org"
}
@misc{note107,
	author	="Paremuzyan, R. and Stepanyan, S",
	howpublished	="CLAS12 Note 2018-003 (2018)",
	url	= "https://misportal.jlab.org/mis/physics/clas12/viewFile.cfm/2018-004.pdf?documentId=58"
}
@misc{notes,
	author	="Paremuzyan, R. and Stepanyan, S",
	howpublished	="CLAS12 Note 2018-004 (2018)",
	url	= "https://misportal.jlab.org/mis/physics/clas12/viewFile.cfm/2018-003.7gev.pdf?documentId=57"
}
@article{Wagner:1990sn,
      author         = "Wagner, B. and Andresen, H. G. and Steffens, K. H. and
                        Hartmann, W. and Heil, W. and Reichert, E.",
      title          = "{A Moller polarimeter for CW and pulsed
                        intermediate-energy electron beams}",
      journal        = "Nucl. Instrum. Meth.",
      volume         = "A294",
      year           = "1990",
      pages          = "541-548",
      doi            = "10.1016/0168-9002(90)90296-I",
      SLACcitation   = "%%CITATION = NUIMA,A294,541;%%"
}
@article{moller32,
	author	="M{\o}ller, C.",
	journal	="Ann. Phys.",
	volume	="14",
	year		="1932",
	pages	="531"
}
@article{kresnin57,
	author	="Kresnin, A. A. and Rosentsveig, L. N.",
	journal	="J. Exp. Theor. Phys. (USSR)",
	volume	="32",
	year		="1957",
	pages	="353"
}
@article{levchuk94,
      author         = "Levchuk, L. G.",
      title          = "{The Intraatomic motion of bound electrons as a possible
                        source of a systematic error in electron beam polarization
                        measurements by means of a Moller polarimeter}",
      journal        = "Nucl. Instrum. Meth.",
      volume         = "A345",
      year           = "1994",
      pages          = "496-499",
      doi            = "10.1016/0168-9002(94)90505-3",
      reportNumber   = "KHFTI-92-32",
      SLACcitation   = "%%CITATION = NUIMA,A345,496;%%"
}
@article{arrington92,
      author         = "Arrington, J. and Beise, E. J. and Filippone, B. W. and
                        O'Neill, T. G. and Dodge, W. R. and Dodson, G. W. and Dow,
                        K. A. and Zumbro, J. D.",
      title          = "{A Variable energy Moller polarimeter at the MIT-Bates
                        Linear Accelerator Center}",
      journal        = "Nucl. Instrum. Meth.",
      volume         = "A311",
      year           = "1992",
      pages          = "39-48",
      doi            = "10.1016/0168-9002(92)90849-Y",
      SLACcitation   = "%%CITATION = NUIMA,A311,39;%%"
}
@article{Scott69,
      author         = "Scott, G. G. and Sturner, H. W.",
      title          = "{Magnetomechanical Ratios for Fe-Co Alloys}",
      journal        = "Phys. Rev.",
      volume         = "184",
      year           = "1969",
      pages          = "490-491",
      doi            = "10.1103/PhysRev.184.490",
      SLACcitation   = "%%CITATION = PHRVA,184,490;%%"
}
@article{Band:1997ee,
      author         = "Band, H. R. and Mitchell, G. and Prepost, R. and Wright,
                        T.",
      title          = "{A Moller polarimeter for high-energy electron beams}",
      journal        = "Nucl. Instrum. Meth.",
      volume         = "A400",
      year           = "1997",
      pages          = "24-33",
      doi            = "10.1016/S0168-9002(97)00984-4",
      reportNumber   = "SLAC-PUB-7370",
      SLACcitation   = "%%CITATION = NUIMA,A400,24;%%"
}