article{
beamline-nim,
author         = "N.~Baltzell and others",
title          = "{The CLAS12 Beamline and its Performance}",
journal        = "to be published in Nucl. Inst. and Meth. A, (2020) (see this issue)",
year           = "2020",
}

@article{
cnd-nim,
author         = "P.~Chatagnon and others",
title          = "{The CLAS12 Central Neutron Detector}",
journal        = "to be published in Nucl. Inst. and Meth. A, (2020) (see this issue)",
year           = "2020",
}

@article{
ctof-nim,
author         = "D.~S.~Carman and others",
title          = "{The CLAS12 Central Time-of-Flight System}",
journal        = "to be published in Nucl. Inst. and Meth. A, (2020) (see this issue)",
year           = "2020",
}

@article{
daq-nim,
author         = "S.~Boyarinov and others",
title          = "{The CLAS12 Data Acquisition System}",
journal        = "to be published in Nucl. Inst. and Meth. A, (2020) (see this issue)",
year           = "2020",
}

@article{
dc-nim,
author         = "M.~D.~Mestayer",
title          = "{The CLAS12 Drift Chamber System}",
journal        = "to be published in Nucl. Inst. and Meth. A, (2020) (see this issue)",
year           = "2020",
}

@article{
ec-nim,
author         = "G.~Asryan and others",
title          = "{The CLAS12 Pre-Shower Calorimeter}",
journal        = "to be published in Nucl. Inst. and Meth. A, (2020) (see this issue)",
year           = "2020",
}

@article{
ft-nim,
author         = "M.~Battaglieri and others",
title          = "{The CLAS12 Forward Tagger}",
journal        = "to be published in Nucl. Inst. and Meth. A, (2020) (see this issue)",
year           = "2020",
}

@article{
ftof-nim,
author         = "D.~S.~Carman and others",
title          = "{The CLAS12 Forward Time-of-Flight System}",
journal        = "to be published in Nucl. Inst. and Meth. A, (2020) (see this issue)",
year           = "2020",
}

@article{
htcc-nim,
author         = "Y.~Sharabian and others",
title          = "{The CLAS12 High Threshold Cherenkov Counter}",
journal        = "to be published in Nucl. Inst. and Meth. A, (2020) (see this issue)",
year           = "2020",
}

@article{
ltcc-nim,
author         = "M.~Ungaro and others",
title          = "{The CLAS12 Low Threshold Cherenkov Counter}",
journal        = "to be published in Nucl. Inst. and Meth. A, (2020) (see this issue)",
year           = "2020",
}

@article{
magnets-nim,
author         = "R.~Fair and others",
title          = "{The CLAS12 Superconducting Magnets}",
journal        = "to be published in Nucl. Inst. and Meth. A, (2020) (see this issue)",
year           = "2020",
}

@article{
mm-nim,
author         = "F.~Bossu and others",
title          = "{The CLAS12 MicroMegas Tracker}",
journal        = "to be published in Nucl. Inst. and Meth. A, (2020) (see this issue)",
year           = "2020",
}

@article{
clas12-nim,
author         = "V.~D.~Burkert and others",
title          = "{The CLAS12 Spectrometer at Jefferson Laboratory}",
journal        = "to be published in Nucl. Inst. and Meth. A, (2020) (see this issue)",
year           = "2020",
}

@article{
recon-nim,
author         = "V.~Ziegler and others",
title          = "{CLAS12 Event Reconstruction}",
journal        = "to be published in Nucl. Inst. and Meth. A, (2020) (see this issue)",
year           = "2020",
}

@article{
rich-nim,
author         = "M.~Contalbrigo and others",
title          = "{The CLAS12 Ring Imaging Cherenkov Detector}",
journal        = "to be published in Nucl. Inst. and Meth. A, (2020) (see this issue)",
year           = "2020",
}

@article{
sim-nim,
author         = "M.~Ungaro and others",
title          = "{The CLAS12 Geant4 Simulation}",
journal        = "to be published in Nucl. Inst. and Meth. A, (2020) (see this issue)",
year           = "2020",
}

@article{
svt-nim,
author         = "M.~A.~Antonioli and others",
title          = "{The CLAS12 Silicon Vertex Tracker}",
journal        = "to be published in Nucl. Inst. and Meth. A, (2020) (see this issue)",
year           = "2020",
}

@article{
trigger-nim,
author         = "B.~Raydo and others",
title          = "{The CLAS12 Trigger System}",
journal        = "to be published in Nucl. Inst. and Meth. A, (2020) (see this issue)",
year           = "2020",
}

