@article{einstein,
author =       "Albert Einstein",
title =        "{Zur Elektrodynamik bewegter K{\"o}rper}. ({German})
[{On} the electrodynamics of moving bodies]",
journal =      "Annalen der Physik",
volume =       "322",
number =       "10",
pages =        "891--921",
year =         "1905",
DOI =          "http://dx.doi.org/10.1002/andp.19053221004"
}

@book{latexcompanion,
author    = "Michel Goossens and Frank Mittelbach and Alexander Samarin",
title     = "The \LaTeX\ Companion",
year      = "1993",
publisher = "Addison-Wesley",
address   = "Reading, Massachusetts"
}

@misc{knuthwebsite,
author    = "Donald Knuth",
title     = "Knuth: Computers and Typesetting",
url       = "http://www-cs-faculty.stanford.edu/\~{}uno/abcde.html"
}

@misc{epics-website,
title     = "Experimental Industrial Physics Control System",
url       = "https://epics-controls.org"
}

@misc{css-website,
title     = "Control {S}ystems {S}tudio",
url       = "http://controlsystemstudio.org"
}

@misc{puppet-website,
title     = "Puppet",
url       = "https://puppet.com"
}

@misc{nagios-website,
title     = "Nagios",
url       = "https://www.nagios.org"
}

@misc{procserv-website,
title     = "procServ",
url       = "https://github.com/ralphlange/procServ"
}

@article{mya,
author = "Slominski, C. J.",
title = "A MySQL Based EPICS Archiver",
journal = "Proc. 12th Int. Conf. on Accelerator and Large Experimental Physics Control Systems",
address = "Kobe, Japan (2009)",
url = "http://accelconf.web.cern.ch/AccelConf/icalepcs2009/papers/wep021.pdf"
}

@article{clas-nim,
title = "CLAS Detector",
author = "Mecking, B. A. and others",
journal = "Nucl. Inst. and Meth. {\bf A503}, 513 (2003)"
}
	
	
%internal manuals: https://coda.jlab.org/drupal/coda/hardware/manuals
	
@article{tcs-ref,
    title= "{The TRIGGER/CLOCK/SYNC Distribution for TJNAF 12 GeV Upgrade Experiments}",
	author = "J. Gu  and others",
	url = "https://coda.jlab.org/wiki/index.php/Trigger_distribution_overview (2014, May)"
}
	
@article{ts-ref,
	title = "{Description and technical information for the Trigger Supervisor (TS) module. (TJNAF, VA, 2013)}",
	author = "J. Gu  and others",
	url = "https://coda.jlab.org/drupal/system/files/pdfs/HardwareManual/TS/TS.pdf"
}

@article{titd-ref,
	title = "{Design of the Trigger Interface and Distribution Board for TJNAF 12 GeV Upgrade}",
	author = "J. Gu  and others",
	journal = "IEEE Trans. Nucl. %Sci., Vol. 60, no. 5, pp 3714-3719, Oct. 2013"
}
@article{fadc-ref,
	title = "{A VME64x 16-channel, Pipelined, 250MSPS Flash ADC With Switched Serial (VXS) Extensions}",
	author = "F.J.Barbosa and others",
	journal = "IEE-NSS 2007, Hawaii"
}

@article{sd-ref,
	title = "{The SD Board}",
	author = " and others",
	journal = ""
}
@article{dsc2-ref,
	title = "{The DSC2 Board}",
	author = " and others",
	journal = ""
}
@article{dcrb-ref,
	title = "{The DCRB Board}",
	author = " and others",
	journal = ""
}
@article{vscm-ref,
	title = "{The VSCM Board}",
	author = " and others",
	journal = ""
}
@article{tdc-ref,
	title = "The TDC Board",
	author = " and others",
	journal = ""
}
@article{ssp-ref,
	title = "The SSP Board",
	author = " and others",
	journal = ""
}
@article{coda-ref,
	title = "The CODA System",
	author = " and others",
	journal = ""
}
@article{svt-ref,
	title = "{The CLAS12 SVT Detector}"
}
@article{trig-ref,
	author = "B.Raydo and others",
    title = "{The CLAS12 Trigger System}"
}

