@article{einstein,
author =       "Albert Einstein",
title =        "{Zur Elektrodynamik bewegter K{\"o}rper}. ({German})
[{On} the electrodynamics of moving bodies]",
journal =      "Annalen der Physik",
volume =       "322",
number =       "10",
pages =        "891--921",
year =         "1905",
DOI =          "http://dx.doi.org/10.1002/andp.19053221004"
}

@book{latexcompanion,
author    = "Michel Goossens and Frank Mittelbach and Alexander Samarin",
title     = "The \LaTeX\ Companion",
year      = "1993",
publisher = "Addison-Wesley",
address   = "Reading, Massachusetts"
}

@misc{epics-website,
title     = "Experimental Industrial Physics Control System",
url       = "https://epics-controls.org"
}

@misc{css-website,
title     = "Control {S}ystems {S}tudio",
url       = "http://controlsystemstudio.org"
}

@misc{puppet-website,
title     = "Puppet",
url       = "https://puppet.com"
}

@misc{nagios-website,
title     = "Nagios",
url       = "https://www.nagios.org"
}

