@article{Jlab12_CLAS_n,
author =       "Niccolai, S. and others",
title =        "{Deeply virtual Compton scattering on the neutron with CLAS12 at 11 GeV, Jefferson Lab experiment E12-11-003}",
}
@article{Jlab12_CLAS_n_pol,
author =       "Niccolai, S. and others",
title =        "{Deeply virtual Compton scattering on the neutron with a longitudinally polarized deuteron target, Jefferson Lab experiment E12-06-109a}",
}
@article{Mueller:1998fv,
      author         = "Muller, Dieter and Robaschik, D. and Geyer, B. and
                        Dittes, F. -M. and Horejosi, J.",
      title          = "{Wave functions, evolution equations and evolution
                        kernels from light ray operators of QCD}",
      journal        = "Fortsch. Phys.",
      volume         = "42",
      year           = "1994",
      pages          = "101-141",
      doi            = "10.1002/prop.2190420202",
      eprint         = "hep-ph/9812448",
      archivePrefix  = "arXiv",
      primaryClass   = "hep-ph",
      reportNumber   = "NTZ-6-91, NTZ-91-6",
      SLACcitation   = "%%CITATION = HEP-PH/9812448;%%"
}
@article{Ji:1996ek,
      author         = "Ji, Xiang-Dong",
      title          = "{Gauge-Invariant Decomposition of Nucleon Spin}",
      journal        = "Phys. Rev. Lett.",
      volume         = "78",
      year           = "1997",
      pages          = "610-613",
      doi            = "10.1103/PhysRevLett.78.610",
      eprint         = "hep-ph/9603249",
      archivePrefix  = "arXiv",
      primaryClass   = "hep-ph",
      reportNumber   = "MIT-CTP-2517",
      SLACcitation   = "%%CITATION = HEP-PH/9603249;%%"
}
@article{Radyushkin:1996nd,
      author         = "Radyushkin, A. V.",
      title          = "{Scaling limit of deeply virtual Compton scattering}",
      journal        = "Phys. Lett.",
      volume         = "B380",
      year           = "1996",
      pages          = "417-425",
      doi            = "10.1016/0370-2693(96)00528-X",
      eprint         = "hep-ph/9604317",
      archivePrefix  = "arXiv",
      primaryClass   = "hep-ph",
      reportNumber   = "CEBAF-TH-96-05",
      SLACcitation   = "%%CITATION = HEP-PH/9604317;%%"
}
@article{Niccolai:2018qzm,
      author         = "Niccolai, S. and others",
      title          = "{The central neutron detector for CLAS12}",
      journal        = "Nucl. Instrum. Meth.",
      volume         = "A904",
      year           = "2018",
      pages          = "81-92",
      doi            = "10.1016/j.nima.2018.07.029",
      SLACcitation   = "%%CITATION = NUIMA,A904,81;%%"
}
@article{Androic:2011rha,
      author         = "Androic, D. and others",
      title          = "{The G0 Experiment: Apparatus for Parity-Violating
                        Electron Scattering Measurements at Forward and Backward
                        Angles}",
      collaboration  = "G0",
      journal        = "Nucl. Instrum. Meth.",
      volume         = "A646",
      year           = "2011",
      pages          = "59-86",
      doi            = "10.1016/j.nima.2011.04.031",
      eprint         = "1103.0761",
      archivePrefix  = "arXiv",
      primaryClass   = "nucl-ex",
      reportNumber   = "JLAB-PHY-11-1317",
      SLACcitation   = "%%CITATION = ARXIV:1103.0761;%%"
}
@article{ec-nim,
author         = "G.~Asryan and others",
title          = "{The CLAS12 Pre-Shower Calorimeter}",
journal        = "to be published in Nucl. Inst. and Meth. A, (2020) (see this issue)",
year           = "2020",
}
@article{ft-nim,
author         = "M.~Battaglieri and others",
title          = "{The CLAS12 Forward Tagger}",
journal        = "to be published in Nucl. Inst. and Meth. A, (2020) (see this issue)",
year           = "2020",
}
@article{
ctof-nim,
author         = "D.~S.~Carman and others",
title          = "{The CLAS12 Central Time-of-Flight System}",
journal        = "to be published in Nucl. Inst. and Meth. A, (2020) (see this issue)",
year           = "2020",
}

@article{ftof-nim,
author         = "D.~S.~Carman and others",
title          = "{The CLAS12 Forward Time-of-Flight System}",
journal        = "to be published in Nucl. Inst. and Meth. A, (2020) (see this issue)",
year           = "2020",
}
@article{
mm-nim,
author         = "F.~Bossu and others",
title          = "{The CLAS12 MicroMegas Tracker}",
journal        = "to be published in Nucl. Inst. and Meth. A, (2020) (see this issue)",
year           = "2020",
}
@article{
svt-nim,
author         = "M.~A.~Antonioli and others",
title          = "{The CLAS12 Silicon Vertex Tracker}",
journal        = "to be published in Nucl. Inst. and Meth. A, (2020) (see this issue)",
year           = "2020",
}
@article{
magnets-nim,
author         = "R.~Fair and others",
title          = "{The CLAS12 Superconducting Magnets}",
journal        = "to be published in Nucl. Inst. and Meth. A, (2020) (see this issue)",
year           = "2020",
}
@article{
sim-nim,
author         = "M.~Ungaro and others",
title          = "{The CLAS12 Geant4 Simulation}",
journal        = "to be published in Nucl. Inst. and Meth. A, (2020) (see this issue)",
year           = "2020",
}
