@article{
	geant4,
	author  = "S.Agostinelli and others",
	title   = "Geant4â€”a simulation toolkit",
	journal = "Nuclear Instruments and Methods in Physics Research ",
	volume  = "506",
	number  = "3",
	pages   = "250--303",
	year    = "2003",
	doi     = "10.1016/S0168-9002(03)01368-8"
}

@misc{
	gemcCad,
	title     = "Importing CLAS12 CAD models of target and beamline in the GEMC simulation.",
	year      = "2017",
	url       = "https://misportal.jlab.org/mis/physics/clas12/viewFile.cfm/2017-017.pdf?documentId=53"
}




