@article{Adams:2001kk,
	author         = "Adams, G. and others",
	title          = "{The CLAS Cherenkov detector}",
	journal        = "Nucl. Instrum. Meth.",
	volume         = "A465",
	year           = "2001",
	pages          = "414-427",
	doi            = "10.1016/S0168-9002(00)01313-9",
	reportNumber   = "JLAB-PHY-01-46",
	SLACcitation   = "%%CITATION = NUIMA,A465,414;%%"
}

@misc{TDR12,
title     = "{CLAS12} Technical Design Report",
year      = "2008",
url       = "https://www.jlab.org/Hall-B/clas12\_tdr.pdf"
}

@misc{ECI,
title     = "Evaporated Coating Inc.",
url       = "https://www.evaporatedcoatings.com"
}
